@ARTICLE{hecker:CPFA,
	AUTHOR = "Joshua P. Hecker",
	TITLE = "Beyond pheromones: evolving error-tolerant, flexible, and scalable ant-inspired robot swarms",
	PAGES = {8},
	YEAR = {2015}	}
	
@ARTICLE{stolleis:traps,
	AUTHOR = "Karl Stolleis",
	TITLE = "The Ant and the Trap: Evolution of Ant-Inspired Obstacle Avoidance in a Multi-Agent Robotic System",
	PAGES = {9},
	YEAR = {2015}	}
	
@ARTICLE{dorigo:aco,
	AUTHOR = "Dorigo, M.",
	TITLE = "Ant Colony Optimization: Artificial Ants as a Computational Intelligence Technique",
	PAGES = {2},
	YEAR = {2006}	}

@misc{Dictionary.com2015,
    title = {The Free On-line Dictionary},
    howpublished = "\url{http://dictionary.reference.com/browse/genetic-algorithm?s=t}",
    note = "[Online; accessed 08-October-2015]"
}

@misc{iAntArgosWiki,
    title = {XML Configuration File},
    howpublished = "\url{https://github.com/BCLab-UNM/iAnt-ARGoS/wiki/%5B2.1%5D-XML-Configuration-(new-version)}",
    note = "[Online; accessed 08-October-2015]"
}